<record><leader>00000cas a22000007a 4500</leader><controlfield tag="001">14218887</controlfield><controlfield tag="008">860915d19131952txuwr ne      0    0eng d</controlfield><datafield ind1=" " ind2=" " tag="010"><subfield code="a">sn 86089046 </subfield></datafield><datafield ind1=" " ind2=" " tag="040"><subfield code="a">PPM</subfield><subfield code="b">eng</subfield><subfield code="c">PPM</subfield><subfield code="d">NSD</subfield><subfield code="d">PPM</subfield><subfield code="d">OCLCQ</subfield></datafield><datafield ind1=" " ind2=" " tag="042"><subfield code="a">msc</subfield></datafield><datafield ind1="0" ind2="0" tag="245"><subfield code="a">Freeport facts.</subfield></datafield><datafield ind1=" " ind2=" " tag="260"><subfield code="a">Freeport, Tex. :</subfield><subfield code="b">C.P. Kendall</subfield></datafield><datafield ind1=" " ind2=" " tag="300"><subfield code="a">v. :</subfield><subfield code="b">ill. ;</subfield><subfield code="c">56 cm.</subfield></datafield><datafield ind1=" " ind2=" " tag="310"><subfield code="a">Weekly</subfield></datafield><datafield ind1="1" ind2=" " tag="362"><subfield code="a">Began in 1913? Ceased Mar. 1952.</subfield></datafield><datafield ind1=" " ind2=" " tag="588"><subfield code="a">Description based on: Vol. 2, no. 21 (Aug. 8, 1914).</subfield></datafield><datafield ind1=" " ind2=" " tag="752"><subfield code="a">United States</subfield><subfield code="b">Texas</subfield><subfield code="c">Brazoria</subfield><subfield code="d">Freeport.</subfield></datafield><datafield ind1="0" ind2="7" tag="785"><subfield code="t">Brazoria County daily review</subfield><subfield code="w">(DLC)sn 87091066</subfield></datafield><datafield ind1="0" ind2="7" tag="785"><subfield code="t">Daily facts-review</subfield><subfield code="w">(DLC)sn 87091074</subfield></datafield></record>